@electronic{mathwebsite,
    author =       "Andrew Lewis",
    title =        "Department of Mathematics and Statistics:
    \textit{MTHE 393 Background}",
    year =         "2015",
    DOI =          "http://www.mast.queensu.ca/~mthe393/pdf/background.pdf",
    keywords =     "pdf, reference"
}

@article{reverseengineering,
    author =       "Elliot J. Chikofsky James H. Cross II",
    title =        "Reverse Engineering and Design Recovery: A Taxonomy",
    journal =      "IEEE Software",
    volume =       "7",
    number =       "1",
    pages =        "13-17",
    year =         "1990",
    url =          "http://ieeexplore.ieee.org/stamp/stamp.jsp?tp=&arnumber=43044",
    keywords =     "reverse engineering"
}

@techreport{reverseengineering2,
    author    = "Wego Wang",
    title     = "Application of Reverse Engineering in Manufacturing Industry",
    instution = "University of Massachusetts Lowell",
    url       = "http://faculty.uml.edu/wwang/reverse_engineering/documents/applicationofreverseengineering_paper_wegowang.pdf",
    keywords  = "Reverse Engineering, Manufacturing, Materials, Processing, Imaging"
}

@MISC{laws,
    author = "U.S. Copyright Office",
    title = "THE DIGITAL MILLENNIUM COPYRIGHT ACT OF 1998",
    year = "1998",
    url = "http://www.copyright.gov/legislation/dmca.pdf"
}

@article{specialIntroGuitar,
    author =       "Vesa Välimäki Federico Fontana Julius O. Smith Hudo Zölzer",
    title =        "Introduction to the Special Issue on Virtual Analog Audio Effects and Musical Instruments",
    journal =      "IEEE TRANSACTIONS ON AUDIO, SPEECH, AND LANGUAGE PROCESSING",
    volume =       "18",
    number =       "4",
    pages =        "713-714",
    year =         "2010",
    url = "http://ieeexplore.ieee.org/xpls/abs_all.jsp?arnumber=5446591",
    keywords =     "Virtual Analog Audio Effects, Musical Instruments"
}

@techreport{NAMMReport,
    author = "Causby Challacombe Erin Block",
    title = "The 2015 NAMM Global Report",
    institution = "National Association of Music Merchants",
    url       = "https://www.namm.org/files/ihdp-viewer/global-report-2015/25FF24A6E7431147F8F4505BB0555478/2015-GlobalReport.pdf",
    year = "2015"
}

@proceedings{DiffEqGuitarAmp,
    author = "Jaromir Macak Jiri Schimmel",
    title = "REAL-TIME GUITAR TUBE AMPLIFIER SIMULATION USING AN APPROXIMATION OF DIFFERENTIAL EQUATIONS",
    organization = "13th Int. Conference on Digital Audio Effects (DAFx-10)",
    year = "2010"

}

@online{data mining 1,
	author = {Gary Parker}
    title =  {Lesson: Data Mining, and Knowledge Discovery: An Introduction}
    editor = {KD Nuggets}
    year =   {2011}
    url =    { http://www.kdnuggets.com/data_mining_course/x1-intro-to-data-mining-notes.html}
   }

@techreport{data mining 2,
	author =        {P. J. Ben Schafer}
    title =         {The Application of Data-Mining to Recommender Systems}
    institution =   {University of Northern Iowa}
    year =          {2003}
   }

@online{data mining 3,
	author =   {R. Miller}
    title =    {Facebook Now Has 30,000 Servers}
    editor =   {Data Center Knowledge}
    year =     {2009}
    url =     {http://www.datacenterknowledge.com/archives/2009/10/13/facebook-now-has-30000-servers/}
    }

@periodical{data mining 4,
	author = {J. Glanz}
    title =  {Power, Pollution, and the Internet}
    editor = {New York Times}
    year =   {2012}
    url =   {http://www.nytimes.com/2012/09/23/technology/data-centers-waste-vast-amounts-of-energy-belying-industry-image.html?_r=0}
    }

@online{data mining 5,
	author = {C. W. Crews}
    title =  {The Pentagon's Total Information Awareness Project}
    editor = {CATO Institute}
    year =   {2002}
    url =   {http://www.cato.org/publications/techknowledge/pentagons-total-information-awareness-project-americans-under-microscope}
    }

@article{data mining 6,
	author = {The Washington Times}
    title =  {U.S. agencies collect, examine personal data on Americans}
    editor = {The Washington Times}
    year =   {2004}
    url =   {http://www.washingtontimes.com/news/2004/may/28/20040528-122605-9267r/?page=all}
    }

@article{data mining 7,
	author = {B. Gellman and L.Poitras}
    title =  {U.S., British intelligence mining data from nine U.S. internet companies in broad secret program}
    editor = {The Washington Post}
	year =   {2013}
    url =    {https://www.washingtonpost.com/world/national-security/nsa-infiltrates-links-to-yahoo-google-data-centers-worldwide-snowden-documents-say/2013/10/30/e51d661e-4166-11e3-8b74-d89d714ca4dd_story.html}
    }

@article{data mining 8,
	author = {B. Gellman and A. Soltani}
    title =  {NSA Infiltrates links to Yahoo, Google data centers worldwide...}
    editor = {The Washington Post}
    year =   {2013}
    url =   {https://www.washingtonpost.com/world/national-security/nsa-infiltrates-links-to-yahoo-google-data-centers-worldwide-snowden-documents-say/2013/10/30/e51d661e-4166-11e3-8b74-d89d714ca4dd_story.html}
    }

@online{data mining 9,
	author = {K. Martin}
    title =  {AOL search data identified individuals}
    editor = {Security Focus}
    year =   {2006}
    url =    {http://www.securityfocus.com/brief/277}
    }

@techreport{data mining 10,
	author =      {P. Fule and J. F. Roddick}
    title =       {Detecting Privacy and Ethical Sensitivity in Data Mining Results}
    institution = {Flinders University}
    url =         {http://crpit.com/confpapers/CRPITV26Fule.pdf}
    }
